
@inproceedings{brewer_2000_podc,
 author = {Brewer, Eric A.},
 title = {Towards Robust Distributed Systems},
 booktitle = {Proceedings of the Nineteenth Annual ACM Symposium on Principles of Distributed Computing},
 series = {PODC '00},
 year = {2000},
 isbn = {1-58113-183-6},
 location = {Portland, Oregon, USA},
 pages = {7--},
 url = {http://doi.acm.org/10.1145/343477.343502},
 doi = {10.1145/343477.343502},
 acmid = {343502},
 publisher = {ACM},
 address = {New York, NY, USA},
}

@article{saito_2005_optimistic-replication,
 author = {Saito, Yasushi and Shapiro, Marc},
 title = {Optimistic Replication},
 journal = {ACM Comput. Surv.},
 issue_date = {March 2005},
 volume = {37},
 number = {1},
 month = mar,
 year = {2005},
 issn = {0360-0300},
 pages = {42--81},
 numpages = {40},
 url = {http://doi.acm.org/10.1145/1057977.1057980},
 doi = {10.1145/1057977.1057980},
 acmid = {1057980},
 publisher = {ACM},
 address = {New York, NY, USA},
 keywords = {Replication, disconnected operation, distributed systems, large scale systems, optimistic techniques},
}


@techreport{leia:inria-00397981,
  title = {{CRDTs: Consistency without concurrency control}},
  author = {Leția, Mihai and Pregui{\c c}a, Nuno and Shapiro, Marc},
  url = {https://hal.inria.fr/inria-00397981},
  type = {Research Report},
  number = {RR-6956},
  pages = {16},
  institution = {{INRIA}},
  year = {2009},
  keywordw = {commutative replicated data type ; replicated data ; consistency ; weak consistency ; eventual consistency},
  pdf = {https://hal.inria.fr/inria-00397981/file/RR-6956.pdf},
  HAL_ID = {inria-00397981},
  HAL_VERSION = {v1},
}

@inproceedings{shapiro_2011_crdt,
  title = {Conflict-Free Replicated Data Types},
  author = {Shapiro, Marc and
            Preguiça, Nuno M. and
            Baquero, Carlos and
            Zawirski, Marek},
  doi = {10.1007/978-3-642-24550-3_29},
  booktitle = {Proceedings of the 13th International Symposium on Stabilization, Safety, and Security of Distributed Systems},
  series = {{SSS} 2011},
  pages = {386--400},
  year = {2011}
}

@inproceedings{nedelec_2013_lseq,
  title = {{LSEQ:} an adaptive structure for sequences in distributed collaborative editing},
  author = {Nédelec, Brice and
           Molli, Pascal and
           Mostéfaoui, Achour and
           Desmontils, Emmanuel},
  doi = {10.1145/2494266.2494278},
  booktitle = {Proceedings of the 2013 {ACM} Symposium on Document Engineering},
  series = {DocEng 2013},
  pages = {37--46},
  month = sep,
  year = {2013}
}

@inproceedings{AndreCollaborateCom2013,
  author    = {Luc André and Stéphane Martin and Gérald Oster and Claudia-Lavinia Ignat},
  title     = {Supporting Adaptable Granularity of Changes for Massive-Scale Collaborative Editing},
  booktitle = {International Conference on Collaborative Computing: Networking, Applications and Worksharing - CollaborateCom 2013},
  year      = 2013,
  pages     = {50--59},
  month     = oct,
  publisher = {IEEE Computer Society},
  address   = {Austin, TX, USA},
  doi       = {10.4108/icst.collaboratecom.2013.254123},
}

@inproceedings{WeissICDCS09,
  author    = {St\'ephane Weiss and Pascal Urso and Pascal Molli},
  title     = {Logoot : A Scalable Optimistic Replication Algorithm for Collaborative Editing on {P2P} Networks},
  booktitle = {Proceedings of the 29th International Conference on Distributed Computing Systems - ICDCS 2009},
  issn      = {1063-6927},
  year      = 2009,
  month     = jun,
  pages     = {404--412},
  doi       = {10.1109/ICDCS.2009.75},
  url       = {http://doi.ieeecomputersociety.org/10.1109/ICDCS.2009.75},
  address   = {Montreal, QC, Canada},
  publisher = {IEEE Computer Society},
}

@techreport{shapiro:inria-00177693,
  TITLE = {{Designing a commutative replicated data type}},
  AUTHOR = {Shapiro, Marc and Pregui{\c c}a, Nuno},
  URL = {https://hal.inria.fr/inria-00177693},
  TYPE = {Research Report},
  NUMBER = {RR-6320},
  INSTITUTION = {{INRIA}},
  YEAR = {2007},
  KEYWORDS = {Data replication ; optimistic replication ; commutative operations},
  PDF = {https://hal.inria.fr/inria-00177693/file/RR-6320.pdf},
  HAL_ID = {inria-00177693},
  HAL_VERSION = {v2},
}

@inproceedings{nicolas:hal-01655438,
  TITLE = {{MUTE: A Peer-to-Peer Web-based Real-time Collaborative Editor}},
  AUTHOR = {Nicolas, Matthieu and Elvinger, VIctorien and Oster, G{\'e}rald and Ignat, Claudia-Lavinia and Charoy, Fran{\c c}ois},
  URL = {https://hal.inria.fr/hal-01655438},
  BOOKTITLE = {{ECSCW 2017 - 15th European Conference on Computer-Supported Cooperative Work}},
  ADDRESS = {Sheffield, United Kingdom},
  PUBLISHER = {{EUSSET}},
  SERIES = {Proceedings of 15th European Conference on Computer-Supported Cooperative Work - Panels, Posters and Demos},
  VOLUME = {1},
  NUMBER = {3},
  PAGES = {1-4},
  YEAR = {2017},
  MONTH = Aug,
  DOI = {10.18420/ecscw2017\_p5},
  PDF = {https://hal.inria.fr/hal-01655438/file/Nicolasetal2017.pdf},
  HAL_ID = {hal-01655438},
  HAL_VERSION = {v1},
}

@inproceedings{briot:hal-01343941,
  TITLE = {{High Responsiveness for Group Editing CRDTs}},
  AUTHOR = {Briot, Lo{\"i}ck and Urso, Pascal and Shapiro, Marc},
  URL = {https://hal.inria.fr/hal-01343941},
  BOOKTITLE = {{ACM International Conference on Supporting Group Work}},
  ADDRESS = {Sanibel Island, FL, United States},
  YEAR = {2016},
  MONTH = Nov,
  DOI = {10.1145/2957276.2957300},
  KEYWORDS = {CRDT ; linear data structure ; tombstones management},
  PDF = {https://hal.inria.fr/hal-01343941/file/camera-ready-2016-06-27.pdf},
  HAL_ID = {hal-01343941},
  HAL_VERSION = {v1},
}

@techreport{shapiro:inria-00555588,
  TITLE = {{A comprehensive study of Convergent and Commutative Replicated Data Types}},
  AUTHOR = {Shapiro, Marc and Pregui{\c c}a, Nuno and Baquero, Carlos and Zawirski, Marek},
  URL = {https://hal.inria.fr/inria-00555588},
  TYPE = {Research Report},
  NUMBER = {RR-7506},
  PAGES = {50},
  INSTITUTION = {{Inria -- Centre Paris-Rocquencourt ; INRIA}},
  YEAR = {2011},
  MONTH = Jan,
  KEYWORDS = {eventual consistency ; optimistic replication ; replicated data types ; distributed algorithms ; distributed systems ; Data replication ; commutative operations},
  PDF = {https://hal.inria.fr/inria-00555588/file/techreport.pdf},
  HAL_ID = {inria-00555588},
  HAL_VERSION = {v1},
}

@inproceedings{letia:hal-01248270,
  TITLE = {{Consistency without concurrency control in large, dynamic systems}},
  AUTHOR = {Letia, Mihai and Pregui{\c c}a, Nuno and Shapiro, Marc},
  URL = {https://hal.inria.fr/hal-01248270},
  BOOKTITLE = {{LADIS 2009 - 3rd ACM SIGOPS International Workshop on Large Scale Distributed Systems and Middleware}},
  ADDRESS = {Big Sky, MT, United States},
  PUBLISHER = {{Assoc. for Computing Machinery}},
  SERIES = {Operating Systems Review},
  VOLUME = {44},
  NUMBER = {2},
  PAGES = {29--34},
  YEAR = {2009},
  MONTH = Oct,
  DOI = {10.1145/1773912.1773921},
  KEYWORDS = {alg ; rep},
  PDF = {https://hal.inria.fr/hal-01248270/file/LS-consistency-ladis-2009.pdf},
  HAL_ID = {hal-01248270},
  HAL_VERSION = {v1},
}

@InProceedings{10.1007/978-3-662-43352-2_11,
author="Baquero, Carlos
and Almeida, Paulo S{\'e}rgio
and Shoker, Ali",
editor="Magoutis, Kostas
and Pietzuch, Peter",
title="Making Operation-Based CRDTs Operation-Based",
booktitle="Distributed Applications and Interoperable Systems",
year="2014",
publisher="Springer Berlin Heidelberg",
address="Berlin, Heidelberg",
pages="126--140"
}

@article{DBLP:journals/corr/abs-1901-01930,
  author    = {Joseph M. Hellerstein and
               Peter Alvaro},
  title     = {Keeping {CALM:} When Distributed Consistency is Easy},
  journal   = {CoRR},
  volume    = {abs/1901.01930},
  year      = {2019},
  url       = {http://arxiv.org/abs/1901.01930},
  archivePrefix = {arXiv},
  eprint    = {1901.01930},
  timestamp = {Thu, 31 Jan 2019 13:52:49 +0100},
  biburl    = {https://dblp.org/rec/bib/journals/corr/abs-1901-01930},
  bibsource = {dblp computer science bibliography, https://dblp.org}
}

